2792 4838
364 445 421 541 ted
536 451 748 520 Ammauv.
767 451 810 518 m
829 451 1104 520 amentum.
1193 475 1225 540 p.
1246 477 1331 542 ²90·

358 625 448 690 quern
468 603 578 690 primus
594 601 696 670 Editor
713 599 777 677 hic,
801 617 834 664 ut
854 597 975 664 subinde
997 599 1086 676 alibi,
1106 617 1169 662 non
1188 615 1223 663 ut
1239 601 1364 682 dese-h

359 693 414 750 lius
431 685 574 758 alicuius,
593 687 640 750 sed
657 702 689 746 ut
707 684 861 766 corruptelae
875 701 973 744 notam
990 679 1132 764 adposuit.
1153 681 1212 745 Pro
1232 703 1326 744 uten-

358 765 428 832 dosa
446 785 543 832 autem
562 787 638 831 voce
658 757 756 844 eripe,
775 767 868 826 videri
888 767 981 844 Σύρι
997 762 1170 846 legendum,
1185 783 1244 826 ram
1264 765 1326 826 in-

359 849 481 946 peniose
507 869 595 932 quam
619 847 747 911 modelle
766 847 919 908 adnotavit
939 843 1145 908 eruditissimus
1163 845 1324 924 Contu,

358 931 488 994 innotis
510 931 625 1004 mortim
651 929 685 990 ad
712 925 881 989 vicefimum
908 927 1026 991 versum
1050 945 1240 1008 provocans,
1262 929 1326 992 ubi

357 1011 433 1075 idem
454 1029 564 1076 nomeu
583 1009 725 1074 occurrit.
766 1009 856 1092 Quae
878 1009 949 1069 milti
969 1009 1137 1070 emendatio
1154 1027 1211 1070 tam
1233 1027 1327 1074 certa

358 1091 485 1166 visam,
496 1111 528 1156 ut
544 1093 620 1154 haud
635 1094 806 1156 cunctanter
822 1089 1013 1171 recipiendam
1031 1089 1195 1152 iudicarem.
1218 1089 1325 1172 Quis·

247 1251 251 1262 .
306 1193 321 1204 ³
381 1174 423 1236 uis
442 1173 603 1236 meminerit
621 1195 641 1236 r
657 1174 769 1236 literam
793 1173 821 1233 in
840 1171 958 1234 vetustis
974 1171 1125 1234 codicibus
1143 1171 1324 1236 simillimam

372 1273 486 1318 ormam
501 1256 600 1318 literae
614 1253 720 1316 latinae
732 1269 754 1316 c
767 1253 892 1325 reserre,
907 1255 944 1314 ab
962 1254 1069 1336 illaque
1088 1251 1183 1315 forma
1201 1253 1324 1317 literam

357 1353 491 1418 graecam
516 1359 530 1398 r
550 1335 663 1398 nonnisi
687 1337 756 1398 exili
782 1335 889 1397 lineollt
908 1334 1097 1412 transversa,
1123 1352 1202 1416 quae
1228 1333 1324 1399 facile

357 1415 523 1492 evanescat,
542 1416 675 1492 differre,
693 1417 717 1478 is
735 1439 756 1479 c
776 1417 808 1480 u
826 1439 839 1477 r
858 1417 955 1479 literas
969 1415 1067 1498 passim
1082 1437 1100 1478 a
1116 1415 1236 1478 librariis
1251 1435 1324 1498 per·

357 1515 486 1561 mutatas
503 1517 565 1559 non
583 1499 752 1562 mirabitur:
774 1517 836 1580 quo
852 1498 889 1560 de
907 1515 1018 1640 peneto
1038 1517 1106 1560 curu
1126 1499 1194 1560 alibi
1211 1497 1322 1580 paffim

357 1596 375 1640 a
392 1579 479 1642 nobis
495 1579 603 1642 dicdum
621 1579 680 1656 esi,
697 1598 760 1640 tum
781 1581 817 1640 ad
833 1577 909 1659 Poly
931 1575 1005 1642 .Xl.
1019 1599 1055 1662 9,
1069 1601 1093 1660 ς.
1131 1578 1200 1642 Hoc
1218 1579 1323 1658 loeo,

298 1683 310 1698 ·
356 1659 467 1740 Σύρα,
487 1681 543 1740 pro
559 1652 620 1740 cipe
636 1659 790 1742 legendum
804 1676 959 1722 monuerat
972 1661 1058 1722 etiam
1077 1659 1148 1724 olim
1164 1661 1238 1720 Sam.
1258 1661 1323 1725 ec·

356 1757 471 1816 airus,
484 1740 603 1804 Miscell.
615 1741 669 1804 Vl.
682 1764 710 1816 4
736 1743 776 1804 At
810 1743 961 1804 rotimum
981 1735 1206 1808 versumniuus
1220 1739 1323 1807 sedici-

355 1838 401 1886 ter
417 1823 493 1884 idem
511 1823 612 1884 Petitur
628 1812 763 1898 curasit,
781 1763 820 1886 sc
836 1823 957 1905 legens:

436 1897 559 1984 rispetti,
574 1903 655 1981 prim
672 1903 781 1968 cilicet
796 1903 853 1966 τὸν
869 1903 1052 2046 roprpppsm
1069 1903 1137 1986 lyd.

355 1983 431 2062 Ubi,
448 2002 482 2048 ut
496 2002 607 2048 taceam
624 2001 748 2049 metrum
765 1983 882 2068 prorsus
899 2004 934 2090 pe
960 1985 1128 2060 umdatum,
1144 1985 1220 2049 miro
1277 2007 1320 2051 o-

355 2067 421 2128 dam
433 2085 609 2162 commento
623 2067 683 2152 apa
700 2086 756 2148 pro
770 2068 845 2164 <popl
859 2067 918 2160 ipo
933 2068 1063 2162 accepit,
1081 2067 1117 2128 ad
1134 2066 1191 2131 tx.
1205 2085 1241 2148 37
1264 2089 1321 2134 .a.

354 2145 1321 2312 te⁹ltel3tt⁰lltl2lttlstdlisneleiirizzlttl:

288 2321 293 2332 ¹
352 2311 477 2392 perveni,
489 2332 506 2370 o
519 2313 608 2390 Syrte
628 2329 705 2390 aeque
724 2333 762 2370 mr
782 2332 863 2375 unum
880 2311 947 2371 inter
964 2309 1046 2386 illos,
1068 2313 1114 2390 qui
1132 2335 1188 2372 eam
1201 2311 1269 2392 seire
1284 2315 1322 2396 se

351 2408 468 2472 putant,
484 2393 578 2472 optime
593 2390 683 2452 callere
703 2411 747 2474 epo
763 2393 816 2454 ain.
846 2391 1001 2472 Equidem,
1022 2391 1052 2452 in
1069 2393 1210 2454 librorum
1228 2397 1319 2461 vesti·

354 2472 409 2554 giis
423 2471 512 2533 latete
525 2471 554 2532 id
570 2470 682 2554 ipsum,
696 2473 777 2553 quod
791 2471 888 2544 edidi,
910 2473 980 2533 mini
1001 2471 1214 2558 persuaseram:

436 2547 578 2630 εὑρημένον
596 2549 702 2614 uiliter
720 2557 814 2634 νομέζι
835 2551 918 2630 pastor
939 2556 1000 2630 ἐμέ.

354 2631 404 2697 ud
420 2633 590 2716 particulam
602 2631 672 2696 oisc:
691 2632 779 2732 (vers
799 2631 852 2716 4)
869 2633 1102 2716 intelligendum,
1120 2627 1247 2714 οὐκὸψυ
1258 2657 1319 2702 rt:

354 2738 408 2778 non
432 2733 456 2776 te
479 2715 618 2777 obtundam
640 2737 718 2776 vcors
733 2715 918 2796 semonibut,
943 2719 1036 2800 quibus
1060 2717 1128 2778 nilis
1146 2719 1209 2780 mvi
1227 2721 1320 2780 conti·

352 2816 454 2858 natur.

399 2877 470 2960 Verfi
488 2873 517 2937 8.
538 2875 637 2942 Multo
658 2875 754 2960 aptius
768 2877 839 2942 huic
855 2877 924 2941 loco
945 2875 986 2940 eli
1006 2879 1193 2961 praeteritum
1216 2879 1318 2963 perfe-

354 2957 453 3034 dlum,
477 2955 674 3038 liticare,
696 2960 780 3042 quod
806 2959 887 3021 dedit
911 2961 1006 3022 codex
1033 2979 1158 3042 uterque
1184 2981 1313 3036 mestus,

352 3059 441 3121 quam
465 3039 589 3104 aorislus
612 3040 756 3124 ἐξίησι.
830 3040 901 3119 Verfi
918 3061 947 3122 9.
973 3041 1141 3124 sscplpdlm
1161 3060 1228 3105 cunt
1246 3045 1314 3108 edd
1327 3071 1348 3113 c

352 3136 498 3184 tenetms.
510 3122 548 3182 A.
575 3120 625 3184 De
644 3141 683 3184 eo
705 3121 857 3184 vocabulo
878 3121 944 3188 satis
958 3119 1101 3204 superque
1119 3125 1196 3186 haud
1216 3127 1316 3190 multo

351 3218 419 3263 ante
440 3201 549 3264 dicium
565 3199 614 3264 est.
688 3203 755 3263 lbid.
777 3203 948 3280 τρόπους
967 3203 1046 3265 dedit
1060 3205 1157 3268 codex
1177 3221 1315 3290 uterque.

351 3279 501 3364 Intellige,
520 3277 652 3362 sitirem
671 3281 738 3344 τοὺς
756 3283 924 3366 sstpllpt'tdur
942 3287 1060 3364 rpdtrour
1073 3285 1133 3348 ‘dccc
1145 3285 1208 3348 tici.
1231 3287 1314 3350 Guut

351 3361 459 3441 apsent
476 3364 506 3424 iu
524 3362 595 3444 sing.
616 3361 685 3440 esset
704 3364 831 3438 editum,
847 3367 1042 3428 adnotaverat
1057 3365 1311 3432 Cnsaueottus:

349 3443 478 3504 ”Malim
501 3443 620 3523 r'pirrrt:
642 3445 690 3507 vel
709 3443 765 3521 stc,
779 3445 948 3530 stpsspr‘clot
967 3447 999 3509 l'
1013 3445 1102 3510 scau

397 3524 470 3604 Verfi
490 3545 536 3604 η.
557 3527 599 3590 τὶ
616 3525 711 3598 βάπτ’
730 3525 745 3590 s
772 3551 857 3592 etate.
884 3527 1002 3592 ”Reele
1019 3529 1106 3592 vertit
1120 3527 1228 3594 Delec.
1240 3551 1314 3594 atra.

348 3605 405 3667 nri.
433 3605 557 3688 Propius
573 3625 673 3670 tamen
692 3608 728 3669 ad
776 3629 889 3672 raecatn
907 3629 1013 3672 vocem
1031 3609 1203 3686 accedisset,
1223 3612 1245 3674 lt
1263 3615 1313 3676 di-

348 3683 458 3753 nxiffet
473 3687 593 3752 :curui
626 3685 668 3750 ltu
686 3687 797 3752 Graeci
816 3693 846 3754 dt
864 3691 960 3752 Latini
979 3692 1124 3754 ambitum
1145 3711 1246 3755 earum
1265 3697 1313 3757 di·

348 3765 507 3832 ndionum
530 3768 780 3834 circumscribunt.
823 3772 937 3833 Verutu
958 3773 1029 3836 staec
1047 3772 1218 3837 observatio
1237 3773 1313 3840 alius

347 3847 417 3910 nell
435 3849 525 3913 loci«
545 3851 790 3917 Cnsnuaouus.
811 3885 846 3900 ·-
873 3853 972 3915 Actaea
1006 3857 1083 3937 vestes
1112 3858 1140 3917 in
1160 3856 1242 3918 tuttu
1262 3877 1314 3938 ge·

349 3927 423 3994 state
439 3929 540 4038 solitps
557 3921 713 4015 θηρίου,
748 3951 816 4000 cum
835 3933 987 4006 altudere
1023 3955 1096 4018 um,
1125 3953 1191 4006 tum
1204 3955 1242 4022 ex
1260 3939 1314 4004 illo
