2746 4830
399 485 457 572 ,tt
576 485 1153 588 nutntov.1nnrttmrnum
1230 511 1258 574 p.
1280 511 1334 576 μ,

396 643 534 727 epfimus
549 643 735 718 curensem
755 665 795 722 με
805 688 815 718 ,
837 661 875 706 ex
892 657 1031 723 corrupta
1052 638 1180 704 seffione
1197 641 1352 722 evreprdt

396 749 526 804 neepm:
548 726 718 790 coniediurd
733 727 816 788 nimis
831 725 920 788 certi.
934 723 1006 786 illud
1021 722 1110 784 tenir
1151 720 1208 782 'rit
1221 722 1279 796 rit,
1291 741 1333 784 ve·

395 807 479 884 trier,
500 807 633 872 miradi
694 831 729 868 tta
746 829 785 867 rer
801 803 942 887 fidat-i
960 801 1112 867 venustate
1161 803 1333 868 runcoceime

395 890 604 964 ediceremus,
626 889 649 949 is
710 889 810 949 irduu
828 887 923 949 roim
937 918 971 936 .-

437 969 531 1044 Mihi,
551 971 588 1033 de
608 967 743 1032 versuum
763 967 879 1030 ratione
892 965 1053 1049 cogitanti,
1070 963 1293 1044 percommode,
1307 983 1334 1032 ut

395 1053 516 1118 anobis
529 1049 655 1126 sedium,
672 1051 704 1114 in
727 1048 856 1116 senarios
872 1047 1007 1112 distribui
1047 1045 1109 1110 odie
1130 1050 1238 1128 poetae
1257 1049 1334 1110 rerba

394 1133 458 1198 vise
471 1149 571 1196 erent:
590 1132 620 1194 iu
635 1133 760 1214 ipuibur,
776 1130 860 1194 metri
877 1127 988 1204 musii,
1022 1127 1028 1142 '
1051 1129 1058 1141 '
1088 1125 1145 1190 suir
1160 1129 1334 1205 mumadam,

393 1213 448 1281 nisi
466 1213 607 1276 eiicienda
632 1214 719 1296 (vrrfi
737 1211 785 1295 ι.)
803 1211 913 1275 uoeuia
932 1213 966 1273 st
990 1225 1060 1272 ante
1076 1207 1248 1292 trepttipert:
1270 1230 1334 1292 quae

393 1293 504 1378 eiioqui
525 1294 765 1378 perincommode
782 1295 820 1356 ibi
836 1291 931 1374 poste
958 1307 1036 1366 erat,
1060 1289 1099 1354 dr«
1111 1308 1221 1354 temere
1246 1291 1334 1372 (quoi

393 1375 453 1442 iam
475 1375 590 1458 saepius
604 1375 675 1440 aliie
694 1373 942 1456 observavimus)
963 1369 1115 1455 irrepserat
1139 1389 1192 1452 pet·
1211 1372 1334 1435 occasio·

393 1477 462 1520 nem
479 1459 629 1534 bremen,
650 1458 679 1519 in
698 1475 788 1539 quam
806 1454 907 1518 desinit
926 1473 988 1518 vor
1010 1453 1194 1536 praecedens.
1225 1452 1334 1515 Nonii

390 1541 500 1688 tn
510 1538 646 1702 :tet
660 1531 1117 1703 t<
1132 1533 1334 1628 ³

394 1701 497 1764 dativo
516 1701 604 1777 castr,
624 1701 698 1762 idem
717 1699 834 1764 valente
853 1717 888 1762 ae
915 1699 964 1762 imi
978 1697 1038 1760 mir
1057 1693 1243 1778 παγούροις)
1256 1699 1334 1759 variar

391 1799 461 1843 erres
474 1783 604 1844 invenerat
616 1781 740 1865 piscator.
774 1781 869 1864 Quod
891 1781 925 1842 ad
948 1777 1180 1843 emendationem
1197 1775 1334 1856 spediata

389 1861 572 1927 casaubono
591 1863 790 1947 propositam:
808 1857 831 1924 st
850 1863 917 1943 vers.
930 1883 961 1936 4.
977 1876 1130 1922 teneamus
1155 1856 1332 1938 scripturam,

391 1948 435 2006 ei
457 1944 515 2021 μὴ,
538 1945 641 2026 υιὶᾳιιε
658 1945 759 2008 deinde
773 1943 849 2010 stare
862 1961 923 2005 non
935 1939 1030 2024 potest
1042 1941 1280 2020 membrum,
1294 1939 1333 2002 sed

389 2023 422 2088 itt
448 2027 631 2107 συναρπάσαι
650 2041 691 2106 prr
707 2025 798 2088 suerit
818 2025 1012 2096 mutandum,
1038 2023 1121 2104 quod
1144 2037 1242 2084 metro
1257 2023 1332 2082 etiam

387 2111 487 2186 dieque
504 2107 578 2170 bene
589 2109 742 2172 convenit.
761 2109 803 2172 At
822 2105 917 2169 multo
933 2103 1122 2172 commodius
1139 2101 1234 2164 duere
1248 2104 1332 2166 oratio

391 2187 463 2249 mibi
480 2189 649 2264 ridebatur,
664 2187 704 2264 fi,
715 2203 848 2252 tenentes
860 2187 1098 2266 novembrem,
1110 2185 1140 2245 in
1151 2183 1333 2264 praecedente

392 2269 480 2332 versu
500 2269 562 2345 11,
584 2287 640 2362 pro
656 2272 699 2329 ri
719 2267 920 2336 scriberemus.
943 2265 1107 2330 Postremus
1120 2263 1227 2326 versus
1237 2267 1333 2344 integer

389 2347 494 2424 suerit,
509 2349 531 2410 st
548 2367 632 2422 etuti
646 2349 703 2426 11,
721 2368 771 2414 aut
789 2347 932 2415 eiusmodi
946 2347 1054 2431 aiiquid
1071 2343 1260 2428 suppleveris
1293 2347 1332 2408 iit·

390 2428 430 2492 hii
446 2429 560 2494 subsidii
578 2433 607 2492 in
627 2431 681 2494 hac
695 2432 797 2512 ecloga
810 2430 899 2492 nobis
916 2429 996 2491 mesti
1015 2427 1080 2490 libri
1092 2423 1270 2490 offerebant.
1283 2425 1332 2490 Co

386 2510 447 2572 dex
466 2515 494 2575 E
512 2512 542 2574 t't.
555 2511 668 2574 nonnisi
688 2511 740 2574 isia
756 2513 849 2573 verba
862 2510 968 2574 habet:
988 2507 1137 2589 studentis·
1150 2510 1178 2570 dr
1189 2505 1332 2590 Μύροις

383 2589 464 2652 *broie
482 2531 609 2672 [pipin
629 2593 682 2656 dc.
704 2609 799 2675 usque
815 2594 942 2671 τέχνη.
971 2589 1079 2653 Codex
1091 2591 1131 2652 A.
1147 2589 1189 2650 nil
1208 2591 1249 2652 ab
1260 2591 1332 2653 editis

387 2671 526 2748 discedit,
554 2673 608 2736 nist
631 2675 713 2755 quod
738 2673 843 2745 initio,
870 2689 925 2753 pro
944 2667 1012 2734 esd
1035 2669 1151 2748 burris,
1175 2670 1267 2734 babet
1287 2671 1332 2734 'ir’

350 2763 358 2784 ¹
380 2749 508 2828 derude:
521 2754 604 2837 quod
617 2753 704 2834 possit
719 2755 814 2816 uideri
825 2770 887 2837 pro
905 2749 963 2818 'ire
984 2750 1130 2835 posonen,
1158 2753 1220 2814 Ius
1237 2753 1330 2822 Unde,

381 2833 456 2898 eiiii
476 2836 574 2899 vocali
588 2830 642 2900 'tt‘
657 2835 828 2919 oportebat:
854 2853 931 2916 quae
951 2833 1093 2917 scriptura
1117 2833 1176 2896 dor
1189 2833 1330 2898 commodi

377 2915 542 2991 babuerit,
566 2920 673 2980 utiam
697 2933 760 2981 non
781 2917 899 2980 sttrurus
916 2913 950 2978 stt
1039 2911 1177 2994 dadydur
1193 2914 1224 2976 in
1242 2933 1332 2998 quarta

379 2995 492 3062 senarii
504 2999 583 3062 sede.
609 2999 683 3075 Sed,
703 3015 736 3063 ut
755 2998 849 3061 dicant
868 2997 950 3080 quod
981 2996 1078 3060 entiot
1102 2993 1271 3078 persuasum
1288 2997 1333 3056 he-

388 3079 468 3157 beo,
481 3073 552 3143 rire
566 3080 743 3144 intrbrdare
757 3075 887 3143 debuisse
896 3075 1026 3140 nostrum
1037 3075 1187 3140 librarium
1198 3123 1210 3152 ,
1221 3077 1272 3152 dr,
1285 3095 1332 3159 pro

388 3159 527 3224 mendosa
550 3163 638 3244 ipsus
657 3161 816 3242 scriptura,
836 3179 854 3224 a
869 3160 1036 3224 recentiore
1052 3157 1184 3242 quodam
1196 3159 1288 3221 dodio
1303 3159 1331 3220 ii

376 3241 509 3315 brario,
534 3259 585 3304 aut
612 3259 693 3306 rerte
720 3243 758 3304 ab
783 3241 945 3309 editoribus
971 3239 1135 3309 Athenaei.
1165 3239 1250 3302 redte
1275 3235 1332 3300 iis

386 3319 487 3382 bntrdr
504 3321 562 3384 esse
576 3323 723 3403 posttum:
743 3323 902 3404 maiimque
916 3321 1052 3404 equidem
1063 3321 1092 3383 in
1104 3319 1155 3384 iliu
1170 3321 1287 3384 iambici
1299 3319 1331 3382 se·

376 3403 460 3464 'narii
474 3401 540 3464 sede
555 3405 656 3484 pedem
668 3403 817 3484 dadiylum
834 3403 913 3484 pari,
947 3421 1014 3465 uatn
1030 3401 1112 3466 iiiam
1126 3401 1198 3464 mibi
1209 3403 1330 3484 particu-

385 3479 444 3545 iam
463 3481 557 3564 eripi,
571 3483 656 3548 euius
674 3485 735 3546 vim
756 3484 824 3568 pers
841 3485 905 3546 edie
970 3483 1117 3547 saubonus
1130 3483 1330 3566 interpretatus

371 3565 437 3628 eiii
459 3563 618 3629 Caeterum
643 3565 733 3629 ficui
759 3585 796 3649 pe
824 3563 926 3628 nasum
945 3564 1007 3642 eii,
1036 3569 1177 3646 poetam,
1199 3565 1329 3628 euiurbi

370 3641 453 3708 sunt
473 3643 591 3720 versus,
615 3646 775 3710 necessario
787 3647 832 3710 eia
845 3647 957 3731 legibus
969 3645 1052 3709 suisie
1067 3645 1250 3720 adstridiuet,
1265 3663 1330 3728 quas

370 3725 561 3810 -scripserunt
582 3728 666 3791 trimis
686 3727 870 3790 severianis
887 3725 1031 3811 magiiiti3
1052 3728 1119 3810 quid
1140 3727 1261 3871 impedit
1294 3745 1329 3789 uo

369 3809 482 3872 mnus
497 3809 664 3882 credamus,
683 3810 953 3891 initiumeciogae,
975 3827 1044 3870 eum
1062 3807 1153 3890 peuio
1200 3825 1254 3872 tter
1273 3749 1330 3870 stis·

382 3887 427 3951 set
444 3909 463 3952 a
480 3893 568 3972 poitt
581 3890 791 3972 constitutum,
812 3894 850 3954 ab
866 3889 1023 3955 Athenaeo
1044 3889 1177 3954 nonnihil
1192 3905 1328 3956 mutatum

382 3969 442 4034 eise
457 3987 508 4035 aut
525 3971 732 4040 contradiumi
