2816 4852
35 499 155 566 pm
274 480 327 544 ru
347 477 563 544 traam,
584 477 688 546 car.
707 479 805 546 κει
838 507 843 518 ·
913 443 1004 585 ‘'5'91

8 643 25 690 a
118 623 182 686 »⁸0
196 625 427 778 wratislaum
442 624 616 722 aelirqpir
632 623 863 706 aldam-solt,
920 679 923 686 ,
993 672 996 683 ,
1072 587 1081 604 Ι

119 701 187 770 uria
233 705 263 770 ”r
277 707 327 769 iel
343 707 439 788 φάττῃ
455 705 607 769 demirer
621 707 787 770 εἰτεεετεεεε.

34 787 248 872 »interpretes
266 793 301 850 ab
322 787 478 850 demirer
498 789 658 852 verterunt
676 791 716 850 ad
730 809 835 852 τοετετε
850 787 1005 854 εἐινίεετεειεε.Ι

34 871 137 932 »Non
154 869 360 934 intellexerunt
377 867 539 934 stratonici
552 887 687 933 acumen.
721 871 833 944 Verte,
850 889 983 934 coenam
991 915 1005 946 ,

34 951 129 1014 abae
141 955 199 1036 post
212 975 324 1014 caman.
345 949 421 1012 Vult
437 951 558 1027 dicere,
577 951 636 1014 iant
654 950 784 1014 satutuut
802 952 833 1014 dr
853 953 916 1016 vini
933 953 1005 1018 cibi·

33 1052 124 1114 nque
138 1035 270 1116 plenum.
293 1031 444 1096 Alluditur
458 1034 494 1094 ad
507 1033 628 1096 caedent
642 1032 916 1116 Agamemnonis&
930 1039 1005 1118 po'e'·
1097 1073 1101 1084 ·

33 1131 115 1176 atae
132 1116 236 1178 verba.
257 1115 354 1177 latmo
369 1133 446 1178 vero
461 1114 643 1176 Stratonicus
658 1114 752 1178 verba
768 1113 868 1198 [ipsa]
885 1115 1004 1180 Home-

31 1197 87 1258 ari
103 1198 136 1258 in
153 1197 211 1259 bac
226 1194 418 1277 tesponfione
435 1195 647 1276 usurpaveratt
687 1215 759 1270 uae,
777 1211 810 1259 ut
821 1198 932 1281 potuit,
944 1197 1004 1262 suia

32 1277 181 1341 usurariis
197 1278 349 1360 adaptavlt
363 1275 505 1342 Macbon.
528 1276 640 1340 Versus
686 1277 802 1351 onteti,
818 1297 907 1360 quent
929 1299 1005 1363 pro·

32 1359 215 1423 „nunciavit
229 1357 430 1432 Stratonicus,
446 1357 489 1422 est
505 1358 568 1420 bit:
593 1357 648 1442 [ea
661 1357 768 1438 ouyffi
779 1353 819 1422 θ’.
836 1378 902 1443 535.
915 1361 947 1426 dr
960 1356 1000 1427 λ’.

32 1441 152 1524 a4to.]
175 1441 258 1520 ’epu
276 1440 371 1515 dixit,
386 1438 484 1522 psaltes
498 1442 542 1524 isle
558 1441 730 1519 uasaerotr

116 1521 343 1607 estenderet,
361 1514 398 1584 lle
417 1543 466 1584 nrt
484 1541 519 1584 τε
537 1525 701 1584 εετεειτειεε
719 1516 783 1593 sair
802 1521 854 1585 inl
872 1522 970 1602 edm.
981 1547 1002 1584 εε

31 1603 277 1668 Carauuonua.
293 1633 328 1654 -·
353 1600 506 1666 Miltisatla
522 1604 679 1666 commode
701 1603 767 1683 vers.
783 1598 1002 1680 24.)rdllarad

32 1685 187 1768 superiora
210 1686 303 1768 vulgo
323 1683 450 1748 telarum
474 1684 640 1748 videbatur.
702 1701 789 1768 empe
811 1687 942 1750 nouduru
961 1687 1001 1750 ita

32 1766 155 1850 prorsus
172 1767 247 1829 vino
266 1783 371 1848 captus
389 1782 454 1829 erat
471 1765 675 1841 Stratonicus,
691 1781 761 1828 cunt
781 1765 928 1832 intrarent
945 1787 1002 1834 co·

33 1849 224 1922 mediatores,
238 1849 311 1932 quin
325 1867 397 1912 cuttt
413 1847 459 1910 hia
472 1847 568 1910 adbuc
579 1861 783 1929 comperiret:
806 1848 853 1912 sed
870 1851 1001 1914 vircuut

34 1931 79 1992 bia
95 1932 199 1993 denuo
214 1948 318 2012 potate
334 1945 492 2012 coeperat,
509 1948 602 2024 quum
619 1929 743 1992 condano
754 1929 863 2014 prorsus
879 1933 941 1994 viru
953 1949 1003 1995 ta·

30 2031 96 2095 pras
115 2015 169 2108 qs..
181 2011 332 2094 Languide
350 2011 476 2094 politum
499 2012 617 2072 uidetur
633 2010 702 2072 illud
720 2013 908 2088 adverbium,
924 2013 946 2076 st
962 2013 1001 2078 ad

33 2092 191 2178 sequentia
207 2097 314 2156 trabat.
379 2092 450 2173 Verfi
466 2113 514 2172 ες.
534 2089 605 2154 Nou
622 2090 732 2170 placuit
752 2093 805 2154 vul
844 2110 908 2156 tutu
928 2093 1000 2170 let,
1113 2154 1117 2162 .

33 2195 91 2258 pro
107 2193 176 2258 quo
193 2175 241 2237 vel
258 2173 298 2237 st
308 2195 358 2236 ετ
368 2173 380 2236 s
391 2172 529 2256 scriptum
540 2171 719 2256 oportebat,
736 2193 798 2256 quo
833 2175 920 2238 babet
930 2175 1001 2260 Epi·

33 2275 138 2332 roma,
155 2255 225 2330 vel,
245 2255 388 2339 quoru'ant
409 2255 439 2316 id
455 2273 518 2317 non
535 2253 647 2317 serebat
666 2252 786 2331 versus,
806 2258 918 2320 nudum
937 2258 978 2320 nl
989 2304 1001 2335 ,

33 2339 140 2402 eidem
160 2339 295 2400 notione.
316 2337 494 2418 scripturam
513 2335 612 2398 arati
631 2355 727 2411 veto,
748 2336 777 2399 in
797 2339 856 2420 qul
876 2357 936 2400 non
956 2339 1002 2402 vi·

31 2422 91 2483 deo
107 2417 162 2502 qui
177 2417 362 2501 adquiescere
376 2415 569 2480 casaubonus
589 2418 738 2499 potuerit,
758 2437 816 2484 nec
833 2419 935 2484 versut
953 2419 1002 2484 fe·

32 2503 138 2577 rebat,
158 2519 213 2562 nec
229 2499 420 2581 grammatica
436 2499 525 2562 ratio.
551 2497 742 2576 Necessario,
766 2497 875 2584 fiquid
894 2503 1002 2580 video,

31 2581 160 2646 τολὺν
175 2581 412 2656 desiderabatur,
427 2581 463 2642 ad
482 2577 550 2644 οἶεοε
568 2579 703 2644 relatum.
721 2580 896 2659 Breviatot,
914 2581 1001 2648 srael

30 2669 138 2728 ennae
148 2663 221 2726 rubr
236 2661 390 2743 lurbirla3
407 2661 503 2724 minua
516 2664 683 2725 commode.
704 2660 783 2725 Dein
793 2664 919 2748 iungunt
931 2685 1002 2730 ont-

31 2766 84 2810 nes
101 2744 251 2822 τυετόμεετ
271 2743 466 2825 inrepitete:
496 2759 624 2825 excepto
640 2744 834 2818 Breuiatote,
852 2747 904 2826 qui
923 2748 1002 2812 nude

31 2827 85 2909 ipa
104 2825 216 2911 posuit.
242 2825 334 2902 Milti,
350 2824 426 2888 licut
438 2825 531 2906 paulo
545 2843 613 2888 anre
631 2823 743 2900 uillae,
759 2825 799 2889 stc
818 2825 849 2888 dr
867 2826 915 2890 hic
932 2849 1002 2892 rur·

32 2913 129 2989 elpes
148 2907 245 2970 multo
257 2907 443 2972 commodius
462 2907 498 2968 ad
519 2904 669 2987 superiora
686 2903 794 2968 referri
818 2907 999 2972 videbatur:

32 3013 79 3054 eur
95 3011 153 3052 rant
167 2990 219 3052 cito
234 2989 317 3050 ebrius
327 2987 419 3070 furius
426 2990 493 3068 fit?
508 2985 698 3062 iliaevocea,
714 2988 860 3058 lrsdruaat
871 2992 920 3050 ael
933 2990 1013 3053 lte·-

31 3073 110 3168 φὺς,
127 3071 217 3158 (vers.
231 3069 302 3152 ²7·)
320 3088 397 3152 quae
412 3069 545 3132 duriores
562 3068 652 3132 videri
671 3085 824 3150 poterant,
841 3087 903 3132 non
916 3089 950 3132 ut
961 3073 1000 3134 ab

32 3171 113 3217 rraro
128 3151 341 3236 pronuntiatae
358 3149 477 3232 intelligi
491 3150 658 3221 debebunt.
674 3148 724 3214 sed
742 3165 775 3213 ut
789 3170 807 3214 a
822 3151 936 3214 ridente
951 3155 1003 3216 io·

31 3251 191 3316 cauteque.
236 3231 307 3312 Vtrfi
323 3231 373 3294 ad.
390 3232 550 3294 tenendum
569 3232 676 3310 putavi
696 3232 761 3294 lari
783 3233 901 3311 ostrea,
914 3234 1002 3314 quod

32 3336 69 3380 ex
86 3317 227 3380 Homero
243 3313 433 3377 adsciverunt
452 3309 619 3396 superiores
636 3314 784 3376 editores:
806 3315 934 3378 notanda
952 3335 1003 3380 ra·

32 3417 100 3462 men
120 3395 175 3458 illa
191 3395 332 3478 scriptura
350 3391 424 3458 inb
447 3394 554 3472 pluer,
579 3413 670 3476 quam
685 3397 839 3460 communi
855 3395 1001 3462 consensu

33 3477 208 3563 praeferunt
226 3475 315 3541 nollri
327 3475 416 3540 maeri.
728 3507 731 3514 ·

8 3569 22 3630 b
73 3561 150 3642 Verfi
166 3581 202 3642 τε
211 3557 255 3641 sq.
380 3591 416 3606 -
438 3554 619 3636 κηρύττοντά
632 3578 666 3620 τε

251 3635 377 3702 suaerat
396 3633 509 3710 atirrir,
524 3638 572 3702 ‘t'rt
587 3641 689 3713 blunt,
706 3641 867 3718 εεεεμεεέειτ.

33 3723 145 3787 „llaec
158 3719 217 3784 suit
231 3723 302 3784 olim
322 3720 391 3782 anni
410 3718 591 3785 conlusio&
605 3721 808 3803 perturbatio,
826 3723 855 3782 in
872 3721 1003 3804 leprae·

33 3805 156 3867 asertiru
174 3803 346 3866 civitatibus
365 3801 417 3865 ubi
435 3802 532 3866 minus
547 3802 646 3864 literae
660 3801 816 3864 florebant.
835 3801 944 3866 Similis
959 3803 1003 3868 se·

33 3906 91 3949 »re
119 3884 293 3965 &reiicin
314 3901 425 3946 annum
453 3882 623 3946 Romanum
651 3883 769 3946 invebla
799 3902 854 3966 pet
882 3885 1003 3965 pontili-

33 3985 113 4031 τετε
138 3983 210 4030 ante
236 3964 344 4052 lulium
363 3962 546 4042 caesarem,
575 3979 609 4030 ut
627 3965 736 4044 ,aublor
758 3964 800 4030 eo
825 3963 1003 4033 Suetonius.
