2792 4838
1109 291 1123 342 χ
1251 368 1255 376 ,

358 491 426 558 ''tt8
547 487 1118 558 mutbv.1unmaunwhu
1162 571 1164 585 p
1202 511 1233 574 p.
1255 489 1331 554 286.

362 623 488 696 „fimus
500 629 666 696 senatorum
692 629 856 695 censuerit:
881 629 923 692 fic
945 629 975 692 io
993 627 1172 692 recensendis
1192 625 1363 710 antiqu'uc

363 715 576 779 »tuentibus
595 731 655 776 uon
674 712 787 796 semper
807 710 1037 792 ampiedendum
1057 729 1113 793 pto
1132 727 1209 772 vero
1225 710 1257 770 or
1273 729 1328 771 re·

363 793 460 869 ιιᾶο,
479 793 560 878 quod
580 796 628 857 ves
651 795 756 876 opinio
775 793 821 856 vel
839 793 927 854 etiam
945 791 1021 854 tatio
1039 788 1155 854 suaserit
1172 787 1231 852 effe
1246 791 1330 870 opti·

362 895 482 938 omum.
503 876 625 958 Atque,
647 893 682 938 ut
700 875 730 937 in
760 873 883 958 publicis
905 872 1034 936 consiliis
1054 873 1188 954 suprema
1208 869 1330 952 semper

363 958 439 1019 niex
456 953 515 1028 esi,
535 957 635 1038 popuii
653 955 746 1032 salus,
763 957 814 1030 dt,
838 973 871 1016 ut
887 955 934 1016 ilie
952 955 1010 1029 ait,
1032 947 1075 1016 tic
1094 953 1186 1014 timis
1207 949 1330 1029 tipus-m

363 1035 549 1116 »ἀμύνεσθαι
567 1037 631 1116 rupi
643 1041 776 1117 rritrper:
803 1037 842 1097 ita
858 1038 887 1097 in
903 1035 960 1098 iiio
977 1035 1097 1118 negotio
1117 1033 1188 1095 iilud
1208 1033 1330 1115 semper

363 1117 704 1200 »anteponendumeffl
728 1117 809 1200 quod
827 1117 865 1178 ab
882 1117 1002 1182 sudore
1017 1113 1075 1179 esse
1088 1113 1274 1198 profestum,
1286 1115 1329 1175 ii·

363 1199 482 1280 equido
500 1198 672 1262 constiterit.
693 1197 792 1262 Nemo
805 1199 891 1293 igitur
914 1199 1035 1260 miretur
1048 1197 1242 1277 restitutam
1268 1215 1330 1258 no·

363 1305 383 1340 n
393 1281 436 1342 bis
451 1297 517 1342 curn
535 1279 588 1342 itio
605 1281 691 1354 loco,
704 1297 767 1340 tum
782 1279 844 1341 alits
857 1297 946 1359 quant
961 1277 1110 1360 piurimis,
1121 1279 1274 1358 antiquane
1285 1277 1331 1339 le·

355 1361 537 1423 sidionem:
578 1379 665 1436 uem,
686 1359 762 1424 stcut
775 1363 832 1423 iam
843 1359 987 1434 diximus,
1000 1357 1225 1424 constantissime
1237 1376 1331 1420 tuen·

363 1459 441 1504 utut
452 1442 551 1504 omnia
592 1461 652 1504 anu
666 1459 785 1506 exarata
804 1441 993 1520 exemplaria.
1003 1439 1273 1504 «euronotus.
1287 1472 1327 1490 -

363 1521 460 1603 Quod
480 1523 500 1583 st
517 1523 663 1585 Venetam
687 1519 839 1585 consulere
858 1523 1019 1584 editionem
1042 1516 1180 1584 voluisset
1200 1521 1248 1582 vit
1265 1521 1331 1582 do-

363 1603 521 1676 fliffimus,
548 1603 745 1668 intelieihuuts
765 1621 848 1676 erat,
874 1604 1022 1666 hominem
1048 1619 1136 1672 eunt,
1167 1603 1218 1682 qui
1242 1601 1330 1662 iiiam

359 1685 507 1748 Athenaei
525 1684 605 1748 libris
616 1687 808 1748 mutationem
825 1685 883 1746 boc
897 1685 968 1748 ioco
982 1683 1097 1757 intulit,
1109 1684 1244 1746 Etsimnm
1257 1680 1331 1744 suis·

361 1763 394 1828 sc
410 1765 600 1848 qudoenfrmt
621 1769 672 1849 qui
689 1767 805 1848 quidem
826 1783 862 1826 ea
877 1784 910 1827 re
924 1767 998 1828 bene
1016 1767 1049 1828 dr
1066 1765 1103 1826 de
1121 1765 1280 1836 Athenaeo
1294 1763 1330 1826 dc

364 1845 401 1907 de
416 1847 479 1910 cius
497 1847 653 1910 tenoribus
669 1845 730 1910 sese
747 1849 917 1910 meriturum
930 1847 1155 1919 existimaverat,
1168 1845 1246 1908 haud
1259 1865 1331 1922 pnr-

364 1926 527 1990 dentisstmo
542 1928 644 2011 utique
660 1928 715 2013 (ut
728 1927 808 1990 reue
828 1927 943 1990 monuit
961 1927 1178 2000 Casaubonus)
1189 1925 1329 1988 consilio.

365 2007 484 2070 Morem
505 2025 602 2072 autent
623 2007 708 2073 istum
726 2010 893 2081 Athenaei,
921 2011 1039 2089 quintum
1057 2029 1092 2067 ex
1111 2011 1148 2068 eis
1165 2007 1259 2081 libris,
1281 2009 1331 2090 qui

363 2088 453 2170 ssepi
480 2090 584 2151 zdur
614 2090 798 2169 'irrepsere
823 2091 853 2150 in
873 2089 1010 2154 omnibus
1028 2087 1192 2151 Aristotelis
1209 2088 1330 2151 codici·

363 2168 532 2233 huchodie
558 2173 727 2234 extantibus
744 2171 935 2252 inscribuntur,
960 2170 1017 2234 isio
1042 2169 1132 2232 titulo
1153 2169 1267 2232 citandi
1296 2171 1329 2232 ie

363 2249 1330 2410 ιῖιῖιῖᾞειῗιῖἷῗιίῗιζιίἷιῖ’ἐιἰῆῃόξυῖηιιῇιίἕῗῧ’ἱῗεῃῖηέιξῖ

363 2375 617 2476 dem’occafione
642 2412 778 2476 observet
806 2415 900 2476 lciior
922 2414 1145 2477 inconstantiam
1168 2411 1329 2475 Ediroturn

363 2492 506 2556 omniurn.
538 2493 615 2556 Nam
634 2493 844 2580 Casaubonus,
868 2495 920 2577 qui
941 2495 1015 2568 adeo
1033 2495 1160 2578 graviter
1175 2495 1236 2557 hoc
1255 2494 1330 2558 loco

362 2573 401 2632 de
419 2574 583 2636 novatione
600 2573 783 2658 superiorum
799 2575 949 2644 Editorum
970 2577 1183 2658 conqueritur,
1194 2573 1330 2658 suosque

361 2652 453 2714 libros
465 2673 545 2718 nunc
555 2654 671 2718 secutus
687 2655 746 2730 esi,
761 2657 837 2717 ident
855 2656 925 2717 aiibi
942 2655 1040 2739 passum
1060 2655 1247 2738 superiorum
1265 2658 1331 2718 edi·

362 2733 478 2796 tionum
496 2733 649 2798 iesiionmu
666 2739 771 2800 tenuit.
792 2737 887 2799 Porro
903 2738 1037 2800 Venetus
1048 2738 1173 2811 editor,
1186 2739 1240 2819 qui
1257 2737 1331 2800 aiibi

362 2833 472 2878 nornen
482 2817 594 2894 Mopsus
611 2817 650 2879 ab
658 2817 817 2880 Athenaeo
827 2818 989 2893 edesium,
1004 2819 1036 2888 &
1055 2817 1084 2879 in
1103 2817 1215 2896 scriptis
1230 2821 1330 2880 omni·

230 2887 236 2902 ⁸
361 2895 420 2960 bus
435 2897 584 2961 codicibus
596 2897 704 2977 (etiarn
727 2918 765 2962 uc
785 2899 815 2960 in
835 2899 984 2980 Epitoma,
999 2896 1028 2958 in
1047 2916 1108 2979 qua
1123 2900 1242 2982 quidem
1260 2901 1330 2982 pie·

224 3083 233 3101 x
361 2977 687 3123 :tentatibus
702 2919 1331 3140 intumuerunt

680 3105 691 3136 9

361 3157 520 3202 msstorum
540 3141 644 3204 tenuit.
664 3141 971 3210 Caeterumcaussam
991 3141 1068 3204 iliius
1086 3139 1274 3206 confusionis
1288 3146 1331 3205 ab

361 3223 520 3283 Athenaeo
537 3221 691 3296 inuesine,
723 3241 811 3302 quant
839 3220 962 3286 caussam
984 3222 1104 3303 prorsus
1121 3242 1171 3285 tne
1188 3225 1331 3304 ignorare

361 3300 430 3364 alibi
482 3299 593 3363 osessus
609 3321 707 3374 eram,
724 3303 892 3385 nuperrime
909 3305 978 3365 mihi
992 3303 1072 3366 visus
1085 3304 1151 3367 sum
1168 3305 1331 3367 intellexis-

358 3379 392 3440 se
411 3399 428 3442 e
450 3379 604 3442 efimiiem
625 3383 669 3453 ei,
690 3401 749 3464 qua
769 3383 876 3450 sedium
898 3385 957 3460 esi,
984 3400 1035 3457 ut,
1057 3387 1111 3468 qui
1133 3388 1164 3446 in
1184 3387 1331 3450 omnibus

360 3459 534 3542 Philosophi
548 3463 698 3525 codicibus
711 3464 797 3528 hodie
813 3481 981 3526 numeratur
998 3467 1097 3526 Nonus
1116 3467 1330 3548 iidtrHifloriae

362 3541 550 3614 Aumatium,
567 3545 700 3605 eumdem
721 3545 889 3608 Athenaeus
906 3545 945 3606 stc
962 3547 1050 3610 citare
1066 3545 1279 3622 consueverit,
1300 3551 1330 3614 ir

361 3621 404 3699 nti
420 3621 482 3698 περὶ
500 3622 555 3684 rh'r
571 3627 647 3686 Zu'er
665 3621 762 3688 ‘Hicin
788 3623 825 3688 de
843 3645 905 3706 quo
922 3626 991 3691 vide
1011 3625 1097 3710 supra
1117 3629 1154 3690 ad
1167 3649 1197 3709 p.
1210 3629 1284 3694 282.
1299 3649 1327 3694 c.

361 3703 489 3778 Scilicet,
508 3705 765 3785 quenadmodum
779 3729 864 3768 nonus
888 3707 937 3769 iile
961 3707 1236 3771 Historiarum
1262 3713 1330 3774 liber

362 3785 401 3844 ab
420 3785 465 3846 his
484 3786 581 3846 verbis
599 3785 719 3864 incipit,
739 3789 783 3848 Tit
800 3787 834 3847 di
858 3785 920 3848 isit
943 3787 1013 3851 rsit
1039 3791 1133 3867 ξύων
1148 3793 1209 3857 duc.
1232 3793 1330 3860 ineo·

362 3863 488 3945 dentque
506 3866 581 3928 libro
591 3866 776 4010 potiffit‘num'
801 3869 838 3930 de
858 3871 981 3928 Moribus
1005 3872 1172 3933 Anderelium
1184 3871 1329 3952 disputat

340 3958 345 3967 “
363 3944 572 4030 Philosophus,
602 3963 631 4010 tc
648 3947 762 4033 priores
776 3949 842 4014 libri
861 3950 989 4014 eiusdem
1006 3953 1107 4038 operis
1128 3971 1168 4017 ex
1190 3955 1328 4038 profesio
